@article{kingma2013stochastic,
  title={Stochastic Gradient VB and the Variational Auto-Encoder},
  author={Kingma, Diederik P and Welling, Max},
  journal={ArXiv e-prints (Dec. 2013). arX iv},
  volume={1312}
}

@online{farabet2014,
author = {Farabet, Clement},
title = {Machine Learning with Torch7},
month = feb,
year = {2014},
url = {http://code.cogbits.com/wiki/doku.php?id=start}
}


@inproceedings{krizhevsky2012imagenet,
  title={ImageNet Classification with Deep Convolutional Neural Networks.},
  author={Krizhevsky, Alex and Sutskever, Ilya and Hinton, Geoffrey E},
  booktitle={NIPS},
  volume={1},
  number={2},
  pages={4},
  year={2012}
}

@article{sermanet2013overfeat,
  title={OverFeat: Integrated Recognition, Localization and Detection using Convolutional Networks},
  author={Sermanet, Pierre and Eigen, David and Zhang, Xiang and Mathieu, Michael and Fergus, Rob and LeCun, Yann},
  journal={arXiv preprint arXiv:1312.6229},
  year={2013}
}

@inproceedings{zeiler2010deconvolutional,
  title={Deconvolutional networks},
  author={Zeiler, Matthew D and Krishnan, Dilip and Taylor, Graham W and Fergus, Rob},
  booktitle={Computer Vision and Pattern Recognition (CVPR), 2010 IEEE Conference on},
  pages={2528--2535},
  year={2010},
  organization={IEEE}
}